<record><leader>00000cas a22000007a 4500</leader><controlfield tag="001">11868100</controlfield><controlfield tag="008">850330d19541979wiuwr ne      0    0eng d</controlfield><datafield ind1=" " ind2=" " tag="010"><subfield code="a">sn 85040379 </subfield></datafield><datafield ind1=" " ind2=" " tag="040"><subfield code="a">NPV</subfield><subfield code="b">eng</subfield><subfield code="c">NPV</subfield><subfield code="d">OCLCQ</subfield></datafield><datafield ind1=" " ind2=" " tag="042"><subfield code="a">msc</subfield></datafield><datafield ind1=" " ind2=" " tag="043"><subfield code="a">n-us-wi</subfield></datafield><datafield ind1=" " ind2=" " tag="045"><subfield code="a">x5x7</subfield></datafield><datafield ind1=" " ind2=" " tag="052"><subfield code="a">4123</subfield><subfield code="b">D3</subfield></datafield><datafield ind1="0" ind2=" " tag="130"><subfield code="a">Stoughton hub (Stoughton, Wis. : 1954)</subfield></datafield><datafield ind1="1" ind2="4" tag="245"><subfield code="a">The Stoughton hub.</subfield></datafield><datafield ind1=" " ind2=" " tag="260"><subfield code="a">Stoughton, Wis. :</subfield><subfield code="b">H.W. Quirt,</subfield><subfield code="c">1954-1979.</subfield></datafield><datafield ind1=" " ind2=" " tag="300"><subfield code="a">26 v. :</subfield><subfield code="b">ill.</subfield></datafield><datafield ind1=" " ind2=" " tag="310"><subfield code="a">Weekly</subfield></datafield><datafield ind1="0" ind2=" " tag="362"><subfield code="a">Vol. 74, no. 26 (Dec. 28, 1954)-v.80, no. 5 (Aug. 11, 1959); v. 30, no. 6 (Aug. 18, 1959)-v. 32, no. 100 (June 12, 1962); v. 33, no. 49 (June 19, 1962)-v. 34, no. 44 (May 14, 1963); v. 44, no. 45 (May 21, 1963)-v. 60, no. 12 (Oct. 29, 1979).</subfield></datafield><datafield ind1=" " ind2=" " tag="500"><subfield code="a">Publisher varies.</subfield></datafield><datafield ind1=" " ind2=" " tag="530"><subfield code="a">Available on microfilm from The State Historical Society of Wisconsin.</subfield></datafield><datafield ind1=" " ind2=" " tag="752"><subfield code="a">United States</subfield><subfield code="b">Wisconsin</subfield><subfield code="c">Dane</subfield><subfield code="d">Stoughton.</subfield></datafield><datafield ind1="0" ind2="1" tag="780"><subfield code="t">Stoughton courier-hub (Stoughton, Wis. : 1925)</subfield><subfield code="w">(DLC)sn 85040383</subfield></datafield><datafield ind1="0" ind2="7" tag="785"><subfield code="t">Stoughton courier (Stoughton, Wis. : 1954)</subfield><subfield code="w">(DLC)sn 85040382</subfield></datafield><datafield ind1="0" ind2="7" tag="785"><subfield code="t">Courier hub</subfield><subfield code="w">(DLC)sn 85040381</subfield></datafield></record>